@ARTICLE{Stojanovski01chaos-basedrandom,
    author = {Toni Stojanovski and Ljup\v{c}o Kocarev},
    title = {Chaos-based random number generators-part uppercaseI: analysis [cryptography},
    journal = {IEEE Transactions on Circuits and Systems I: Fundamental Theory and Applications},
    year = {2001},
    pages = {281--288}
}

@article{Matsumoto98,
 author = {Matsumoto, Makoto and Nishimura, Takuji},
 title = {Mersenne twister: a 623-dimensionally equidistributed uniform pseudo-random number generator},
 journal = {ACM Trans. Model. Comput. Simul.},
 issue_date = {Jan. 1998},
 volume = {8},
 number = {1},
 month = jan,
 year = {1998},
 issn = {1049-3301},
 pages = {3--30},
 numpages = {28},
 url = {http://doi.acm.org/10.1145/272991.272995},
 doi = {10.1145/272991.272995},
 acmid = {272995},
 publisher = {ACM},
 address = {New York, NY, USA},
 keywords = {k-distribution, m-sequences, GFSR, MT19937, Mersenne primes, Mersenne twister, TGFSR, finite fields, incomplete array, inversive-decimation method, multiple-recursive matrix method, primitive polynomials, random number generation, tempering},
} 

@Article{Martino91,
AUTHOR = {Martino, A. J. and Morris, G. M.},
TITLE = {Optical random number generator based on photoevent locations.},
JOURNAL = {Appl Opt},
VOLUME = {30},
YEAR = {1991},
NUMBER = {8},
PAGES = {981-9},
PubMedID = {20582091},
ISSN = {0003-6935},
}

@Article{Holman97,
Title={An integrated analog/digital random noise source},
journal={IEEE Transactions on Circuits and Systems I: Fundamental Theory and Applications},
year={1997},
Author={Holman, W. Timothy and Connelly, Alvin Alvin and Dowlatabadi, Ahmad B. },
Volume=44,
number=6,
Pages={521-528}
}

@misc{random.org,
year=2012,
author={Mads Haahr},
url={www.random.org},
title={random.org},
note={Retrieved: 11-03-2013}
}

@misc{devrandom,
url={http://linux.die.net/man/4/random},
title={random(4) - Linux man page},
note={Retrieved: 12-03-2013}
}

@misc{dieharder,
title={Dieharder: A Random Number Test Suite},
author={Robert G. Brown and Dirk Eddelbuettel and David Bauer},
year={2013},
url={http://www.phy.duke.edu/~rgb/General/dieharder.php},
note={Retrieved: 12-03-2013}
}

@misc{parallelRand,
title={Parallel Random Number Generation Using OpenMP, OpenCL and PGI Accelerator Directives},
author={Federico Dal Castello and Douglas Miles},
year={2010},
month={05},
url={http://www.pgroup.com/lit/articles/insider/v2n2a4.htm},
note={Retrieved: 12-03-2013}
}

@misc{boost,
url={http://www.boost.org/},
note={Retrieved: 12-03-2013},
title={boost C++ Libraries}
}